@article{claerbout1991scrutiny,
  title={A Scrutiny of the Introduction},
  author={Claerbout, Jon F},
  journal={The Leading Edge},
  volume={10},
  number={1},
  pages={39--41},
  year={1991},
  publisher={Society of Exploration Geophysicists}
}

@article{landes1951scrutiny,
  title={A Scrutiny of the Abstract},
  author={Landes, Kenneth K},
  journal={Bulletin of the American Association of Petroleum Geologists},
  volume={35},
  number={7},
  pages={1660},
  year={1951}
}


@book{murphy,
  author         = {Kevin P. Murphy},
  editor         = {Thomas Dietterich},
  title          = {Machine Learning, A Probabilistic Perspective},
  publisher      = {The MIT Press},
  year           = {2012}
}

@MISC{Jaynes86bayesianmethods:,
    author = {E T Jaynes},
    title = {Bayesian Methods: General Background},
    year = {1986},
    url          = {http://bayes.wustl.edu/etj/articles/general.background.ps.gz},
}

@article{kullback1951,
author = "Kullback, S. and Leibler, R. A.",
doi = "10.1214/aoms/1177729694",
fjournal = "Annals of Mathematical Statistics",
journal = "Ann. Math. Statist.",
month = "03",
number = "1",
pages = "79--86",
publisher = "The Institute of Mathematical Statistics",
title = "On Information and Sufficiency",
url = "https://doi.org/10.1214/aoms/1177729694",
volume = "22",
year = "1951"
}

@unpublished{wainwright,
  author = {Martin J, Wainwright},
  title  = {Graphical Models and message-passing algorithms: Some introductory lectures},
  note   = {},
  year   = {},
  url = "https://people.eecs.berkeley.edu/~wainwrig/Graphical/Wai12_Basics.pdf"
}

@article{winnbishop,
  author          = {John Winn, Christopher M. Bishop},
  title           = {Variational Message Passing},
  journal         = {Journal of Machine Learning Research},
  volume          = {6},
  number          = {},
  year            = {2005}
}


@article{dietz,
author = {Dietz, Laura},
year = {2010},
month = {11},
pages = {},
url="https://www.researchgate.net/publication/228379776\_Directed\_factor\_graph\_notation\_for\_generative\_models",
title = {Directed factor graph notation for generative models}
}}

@article{Blei_2017,
   title={Variational Inference: A Review for Statisticians},
   volume={112},
   ISSN={1537-274X},
   url={http://dx.doi.org/10.1080/01621459.2017.1285773},
   DOI={10.1080/01621459.2017.1285773},
   number={518},
   journal={Journal of the American Statistical Association},
   publisher={Informa UK Limited},
   author={Blei, David M. and Kucukelbir, Alp and McAuliffe, Jon D.},
   year={2017},
   month={Apr},
   pages={859â€“877}
}